<record><leader>00000nas a2200000 i 4500</leader><controlfield tag="001">984149891</controlfield><controlfield tag="008">170426c20179999mouwr ne      |   a0eng  </controlfield><datafield ind1=" " ind2=" " tag="010"><subfield code="a">  2017201297</subfield></datafield><datafield ind1=" " ind2=" " tag="040"><subfield code="a">DLC</subfield><subfield code="c">DLC</subfield><subfield code="b">eng</subfield><subfield code="e">rda</subfield></datafield><datafield ind1=" " ind2=" " tag="012"><subfield code="l">1</subfield></datafield><datafield ind1="0" ind2=" " tag="022"><subfield code="a">2572-8806</subfield><subfield code="2">1</subfield></datafield><datafield ind1=" " ind2=" " tag="037"><subfield code="b">411 Scottsdale, P.O. Box 268, Sullivan, MO 63080 - Business Office; 405 Charles Cook Plaza, New Haven, MO 63068 - Newspaper Office</subfield><subfield code="c">$1.00</subfield><subfield code="c">$36.00 (Franklin, Gasconade &amp; Warren Co.)</subfield><subfield code="c">$38.00 (State of MO)</subfield><subfield code="c">$45.00 (out of State)</subfield></datafield><datafield ind1=" " ind2=" " tag="042"><subfield code="a">pcc</subfield><subfield code="a">nsdp</subfield></datafield><datafield ind1="1" ind2="0" tag="050"><subfield code="a">ISSN RECORD</subfield></datafield><datafield ind1="1" ind2="0" tag="082"><subfield code="a">070</subfield><subfield code="2">23</subfield></datafield><datafield ind1=" " ind2="0" tag="222"><subfield code="a">New Haven independent news</subfield></datafield><datafield ind1="0" ind2="0" tag="245"><subfield code="a">New Haven independent news</subfield></datafield><datafield ind1=" " ind2="1" tag="264"><subfield code="a">Sullivan, MO :</subfield><subfield code="b">Sullivan, St. Clair, Bourbon Family Shopper,</subfield><subfield code="c">2017-</subfield></datafield><datafield ind1=" " ind2=" " tag="310"><subfield code="a">Weekly</subfield></datafield><datafield ind1=" " ind2=" " tag="336"><subfield code="a">text</subfield><subfield code="b">txt</subfield><subfield code="2">rdacontent</subfield></datafield><datafield ind1=" " ind2=" " tag="337"><subfield code="a">unmediated</subfield><subfield code="b">n</subfield><subfield code="2">rdamedia</subfield></datafield><datafield ind1=" " ind2=" " tag="338"><subfield code="a">volume</subfield><subfield code="b">nc</subfield><subfield code="2">rdacarrier</subfield></datafield><datafield ind1="1" ind2=" " tag="362"><subfield code="a">Began with: Vol. 1, No. 1 (April 5, 2017).</subfield></datafield><datafield ind1=" " ind2=" " tag="588"><subfield code="a">Description based on: Vol. 1, No. 1 (April 5, 2017); title from caption (surrogate).</subfield></datafield><datafield ind1=" " ind2=" " tag="588"><subfield code="a">Latest issue consulted: Vol. 1, No. 1 (April 5, 2017) (surrogate).</subfield></datafield></record>